@ARTICLE{tp2:lambdaCalculoSimpleTipado,
author = {Cátedra de Análisis del Lenguaje de Programación},
title = {Trabajo Practico Nº2},
year = {2024},
journal = {Departamento de Ciencias de la Computación}
}

@ARTICLE{ALP:Polimorfismo,
author = {Cátedra de Análisis del Lenguaje de Programación},
title = {Polimorfismo},
year = {2024},
journal = {Departamento de Ciencias de la Computación}
}

@misc{haskellHappy,
    author = "Andy Gill and Simon Marlow.",
    title = {Happy Documentation, Haskell},
    howpublished = "\url {https://haskell-happy.readthedocs.io/en/latest/}"
}

@misc{haskellStack,
    author = "Mike Pilgrem.",
    title = {Stack Documentation, Haskell},
    howpublished = "\url {https://docs.haskellstack.org/en/stable/}"
}